@phdthesis{rabatel:tel-01293341,
  TITLE = {{Mod{\'e}lisation dynamique d'un assemblage de floes rigides}},
  AUTHOR = {Rabatel, Matthias},
  URL = {https://tel.archives-ouvertes.fr/tel-01293341},
  NUMBER = {2015GREAM050},
  SCHOOL = {{Universit{\'e} Grenoble Alpes}},
  YEAR = {2015},
  MONTH = Nov,
  KEYWORDS = {Linear complementarity problem ; Simulation ; Sea-Ice drift ; Coulomb's law ; Impact ; Rigid bodies ; Solide rigide ; Collision ; Loi de Coulomb ; D{\'e}rive des glaces ; Simulation ; Probl{\`e}me lin{\'e}aire de compl{\'e}mentarit{\'e}},
  TYPE = {Theses},
  PDF = {https://tel.archives-ouvertes.fr/tel-01293341/file/RABATEL_2015_archivage.pdf},
  HAL_ID = {tel-01293341},
  HAL_VERSION = {v1},
}
