@article{rabatel2015dynamics,
  title={Dynamics of an assembly of rigid ice floes},
  author={Rabatel, Matthias and Labb{\'e}, St{\'e}phane and Weiss, J{\'e}r{\^o}me},
  journal={Journal of Geophysical Research: Oceans},
  volume={120},
  number={9},
  pages={5887--5909},
  year={2015},
  publisher={Wiley Online Library}
}
@phdthesis{rabatel2015modelisation,
  title={Mod{\'e}lisation dynamique d'un assemblage de floes rigides},
  author={Rabatel, Matthias},
  year={2015},
  school={Universit{\'e} Grenoble Alpes}
}
@phdthesis{balasoiu2020modelisation,
  title={Mod{\'e}lisation et simulation du comportement m{\'e}canique de floes de glace},
  author={Balasoiu, Dimitri},
  year={2020},
  school={Universit{\'e} Grenoble Alpes}
}
@article{nagaraja2019phase,
  title={Phase-field modeling of brittle fracture with multi-level hp-FEM and the finite cell method},
  author={Nagaraja, Sindhu and Elhaddad, Mohamed and Ambati, Marreddy and Kollmannsberger, Stefan and De Lorenzis, Laura and Rank, Ernst},
  journal={Computational Mechanics},
  volume={63},
  number={6},
  pages={1283--1300},
  year={2019},
  publisher={Springer}
}