@phdthesis{rabatel2015thesis,
  TITLE = {{Mod{\'e}lisation dynamique d'un assemblage de floes rigides}},
  AUTHOR = {Rabatel, Matthias},
  URL = {https://tel.archives-ouvertes.fr/tel-01293341},
  NUMBER = {2015GREAM050},
  SCHOOL = {{Universit{\'e} Grenoble Alpes}},
  YEAR = {2015},
  MONTH = Nov,
  KEYWORDS = {Linear complementarity problem ; Simulation ; Sea-Ice drift ; Coulomb's law ; Impact ; Rigid bodies ; Solide rigide ; Collision ; Loi de Coulomb ; D{\'e}rive des glaces ; Simulation ; Probl{\`e}me lin{\'e}aire de compl{\'e}mentarit{\'e}},
  TYPE = {Theses},
  PDF = {https://tel.archives-ouvertes.fr/tel-01293341/file/RABATEL_2015_archivage.pdf},
  HAL_ID = {tel-01293341},
  HAL_VERSION = {v1},
}
@article{rabatel2015dynamics,
  title={Dynamics of an assembly of rigid ice floes},
  author={Rabatel, Matthias and Labb{\'e}, St{\'e}phane and Weiss, J{\'e}r{\^o}me},
  journal={Journal of Geophysical Research: Oceans},
  volume={120},
  number={9},
  pages={5887--5909},
  year={2015},
  publisher={Wiley Online Library}
}
@book{shabana2009computational,
  title={Computational dynamics},
  author={Shabana, Ahmed A},
  year={2009},
  publisher={John Wiley \& Sons}
}
@phdthesis{balasoiu2020thesis,
  title={Mod{\'e}lisation et simulation du comportement m{\'e}canique de floes de glace},
  author={Balasoiu, Dimitri},
  year={2020},
  school={Universit{\'e} Grenoble Alpes},
  url={https://www-ljk.imag.fr/membres/Dimitri.Balasoiu/These.pdf}
}
@phdthesis{balasoiu2020halthesis,
  TITLE = {{Mod{\'e}lisation et simulation du comportement m{\'e}canique de floes de glace}},
  AUTHOR = {Balasoiu, Dimitri},
  URL = {https://tel.archives-ouvertes.fr/tel-03116132},
  NUMBER = {2020GRALM045},
  SCHOOL = {{Universit{\'e} Grenoble Alpes [2020-....]}},
  YEAR = {2020},
  MONTH = Oct,
  KEYWORDS = {Modelling ; Homogenization ; Fracture ; Gamma-Convergence ; Variational methods ; Sea ice ; Mod{\'e}lisation ; Homog{\'e}n{\'e}isation ; Fracture ; Gamma-Convergence ; M{\'e}thodes variationnelles ; Banquise},
  TYPE = {Theses},
  PDF = {https://tel.archives-ouvertes.fr/tel-03116132/file/BALASOIU_2020_archivage.pdf},
  HAL_ID = {tel-03116132},
  HAL_VERSION = {v1},
}
@book{gross2017fracture,
  title={Fracture mechanics: with an introduction to micromechanics},
  author={Gross, Dietmar and Seelig, Thomas},
  year={2017},
  publisher={Springer}
}
@book{chiu2013stochastic,
  title={Stochastic geometry and its applications},
  author={Chiu, Sung Nok and Stoyan, Dietrich and Kendall, Wilfrid S and Mecke, Joseph},
  year={2013},
  publisher={John Wiley \& Sons}
}
@article{gerivani2019proposing,
  title={Proposing a lattice spring damper model for simulation of interaction between elastic/viscoelastic filaments and fluid flow in immersed boundary-lattice Boltzmann framework},
  author={Gerivani, H and Nazari, M},
  journal={Journal of Molecular Liquids},
  volume={296},
  pages={111969},
  year={2019},
  publisher={Elsevier}
}
@article{islam2020numerical,
  title={Numerical modelling of crack initiation, propagation and branching under dynamic loading},
  author={Islam, Md Rushdie Ibne and Shaw, Amit},
  journal={Engineering Fracture Mechanics},
  volume={224},
  pages={106760},
  year={2020},
  publisher={Elsevier}
}
@inproceedings{manea2021simplified,
  title={Simplified mathematical model for frontal impact study},
  author={Manea, AM and Iozsa, D and Stan, C},
  booktitle={IOP Conference Series: Materials Science and Engineering},
  volume={1037},
  number={1},
  pages={012055},
  year={2021},
  organization={IOP Publishing}
}
@article{lotstedt1981coulomb,
  title={Coulomb friction in two-dimensional rigid body systems},
  author={L{\"o}tstedt, Per},
  journal={ZAMM-Journal of Applied Mathematics and Mechanics/Zeitschrift f{\"u}r Angewandte Mathematik und Mechanik},
  volume={61},
  number={12},
  pages={605--615},
  year={1981},
  publisher={Wiley Online Library}
}
@article{homodeling,
  title={Modeling Mechanical Systems},
  author={Ho, Nhut},
  year={2010},
  url={https://pdfs.semanticscholar.org/df7b/aee3d1a72daadae4471986ffea6147a825c1.pdf}
}
@phdthesis{acary2004coefficients,
  title={Coefficients de restitution et efforts aux impacts: Revue et comparaison des estimations analytiques},
  author={Acary, Vincent and Brogliato, Bernard},
  year={2004},
  school={INRIA},
  url={https://hal.inria.fr/inria-00070602/document}
}
@phdthesis{amor2008approche,
  title={Approche variationnelle des lois de Griffith et de Paris via des mod{\`e}les non-locaux d'endommagement: {\'e}tude th{\'e}orique et mise en oeuvre num{\'e}rique},
  author={Amor, Hanen},
  year={2008},
  school={Universit{\'e} Paris-Nord-Paris XIII}
}










