@article{keeler2018simu,
  title={Simulating a homogeneous Poisson point process on a rectangle},
  author={Paul Keeler},
  year={2018}
}
@article{griffith1921vi,
  title={VI. The phenomena of rupture and flow in solids},
  author={Griffith, Alan Arnold},
  journal={Philosophical transactions of the royal society of london. Series A, containing papers of a mathematical or physical character},
  volume={221},
  number={582-593},
  pages={163--198},
  year={1921},
  publisher={The royal society London}
}
@article{inglis1913stresses,
  title={Stresses in a plate due to the presence of cracks and sharp corners},
  author={Inglis, Charles Edward},
  journal={Trans Inst Naval Archit},
  volume={55},
  pages={219--241},
  year={1913}
}
@article{chambolle2009and,
  title={When and how do cracks propagate?},
  author={Chambolle, Antonin and Francfort, Gilles A and Marigo, J-J},
  journal={Journal of the Mechanics and Physics of Solids},
  volume={57},
  number={9},
  pages={1614--1622},
  year={2009},
  publisher={Elsevier}
}
@article{irwin1997analysis,
  title={Analysis of stresses and strains near the end of a crack traversing a plate},
  author={Irwin, George R},
  year={1957},
  url={https://www.scirp.org/(S(oyulxb452alnt1aej1nfow45))/reference/ReferencesPapers.aspx?ReferenceID=129379}
}
@article{francfort1998revisiting,
  title={Revisiting brittle fracture as an energy minimization problem},
  author={Francfort, Gilles A and Marigo, J-J},
  journal={Journal of the Mechanics and Physics of Solids},
  volume={46},
  number={8},
  pages={1319--1342},
  year={1998},
  publisher={Elsevier}
}
@article{de1989existence,
  title={Existence theorem for a minimum problem with free discontinuity set},
  author={De Giorgi, E and Carriero, M and Leaci, A},
  journal={Ennio De Giorgi},
  pages={654},
  year={1989}
}
@article{ambrosio1990approximation,
  title={Approximation of functional depending on jumps by elliptic functional via t-convergence},
  author={Ambrosio, Luigi and Tortorelli, Vincenzo Maria},
  journal={Communications on Pure and Applied Mathematics},
  volume={43},
  number={8},
  pages={999--1036},
  year={1990},
  publisher={Wiley Online Library}
}
@article{nagaraja2019phase,
  title={Phase-field modeling of brittle fracture with multi-level hp-FEM and the finite cell method},
  author={Nagaraja, Sindhu and Elhaddad, Mohamed and Ambati, Marreddy and Kollmannsberger, Stefan and De Lorenzis, Laura and Rank, Ernst},
  journal={Computational Mechanics},
  volume={63},
  number={6},
  pages={1283--1300},
  year={2019},
  publisher={Springer}
}
@article{lu2015plane,
  title={In-plane fracture of an ice floe: A theoretical study on the splitting failure mode},
  author={Lu, Wenjun and Lubbad, Raed and L{\o}set, Sveinung},
  journal={Cold Regions Science and Technology},
  volume={110},
  pages={77--101},
  year={2015},
  publisher={Elsevier}
}
@article{dal2002model,
  title={A model for the quasi-static growth of brittle fractures based on local minimization},
  author={Dal Maso, Gianni and Toader, Rodica},
  journal={Mathematical Models and Methods in Applied Sciences},
  volume={12},
  number={12},
  pages={1773--1799},
  year={2002},
  publisher={World Scientific}
}
@article{chambolle2003density,
  title={A density result in two-dimensional linearized elasticity, and applications},
  author={Chambolle, Antonin},
  journal={Archive for rational mechanics and analysis},
  volume={167},
  number={3},
  pages={211--233},
  year={2003},
  publisher={Springer}
}
@book{ciarlet1988three,
  title={Three-dimensional elasticity},
  author={Ciarlet, Philippe G},
  year={1988},
  publisher={Elsevier}
}
@article{lions1967variational,
  title={Variational inequalities},
  author={Lions, Jacques-Louis and Stampacchia, Guido},
  journal={Communications on pure and applied mathematics},
  volume={20},
  number={3},
  pages={493--519},
  year={1967},
  publisher={Wiley Online Library}
}
@book{daley2008introduction,
  title={An Introduction to the Theory of Point Processes. Volume II: General Theory and Structure},
  author={Daley, Daryl J and Vere-Jones, David},
  year={2008},
  publisher={Springer}
}
@article{rampal2009arctic,
  title={Arctic sea ice velocity field: General circulation and turbulent-like fluctuations},
  author={Rampal, Pierre and Weiss, J{\'e}r{\^o}me and Marsan, David and Bourgoin, Micka{\"e}l},
  journal={Journal of Geophysical Research: Oceans},
  volume={114},
  number={C10},
  year={2009},
  publisher={Wiley Online Library}
}
@article{marsan2019characterizing,
  title={Characterizing horizontally-polarized shear and infragravity vibrational modes in the Arctic sea ice cover using correlation methods},
  author={Marsan, David and Weiss, J{\'e}r{\^o}me and Moreau, Ludovic and Gimbert, Florent and Doble, Martin and Larose, Eric and Grangeon, Jacques},
  journal={The Journal of the Acoustical Society of America},
  volume={145},
  number={3},
  pages={1600--1608},
  year={2019},
  publisher={Acoustical Society of America}
}
@article{tikhonov1952systems,
  title={Systems of differential equations containing small parameters in the derivatives},
  author={Tikhonov, Andrei Nikolaevich},
  journal={Matematicheskii sbornik},
  volume={73},
  number={3},
  pages={575--586},
  year={1952},
  publisher={Russian Academy of Sciences, Steklov Mathematical Institute of Russian~â€¦}
}
@article{hoppensteadt1966singular,
  title={Singular perturbations on the infinite interval},
  author={Hoppensteadt, Frank Charles},
  journal={Transactions of the American Mathematical Society},
  volume={123},
  number={2},
  pages={521--535},
  year={1966},
  publisher={JSTOR}
}
@article{ostoja1995linear,
  title={Linear elasticity of planar Delaunay networks. III: Self-consistent approximations},
  author={Ostoja-Starzewski, M and Alzebdeh, K and Jasiuk, I},
  journal={Acta mechanica},
  volume={110},
  number={1},
  pages={57--72},
  year={1995},
  publisher={Springer}
}
