@article{signorini1933sopra,
  title={Sopra alcune questioni di elastostatica},
  author={Signorini, Antonio},
  journal={Atti della Societa Italiana per il Progresso delle Scienze},
  volume={27},
  pages={69},
  year={1933}
}
