@phdthesis{rabatel2015thesis,
  TITLE = {{Mod{\'e}lisation dynamique d'un assemblage de floes rigides}},
  AUTHOR = {Rabatel, Matthias},
  URL = {https://tel.archives-ouvertes.fr/tel-01293341},
  NUMBER = {2015GREAM050},
  SCHOOL = {{Universit{\'e} Grenoble Alpes}},
  YEAR = {2015},
  MONTH = Nov,
  KEYWORDS = {Linear complementarity problem ; Simulation ; Sea-Ice drift ; Coulomb's law ; Impact ; Rigid bodies ; Solide rigide ; Collision ; Loi de Coulomb ; D{\'e}rive des glaces ; Simulation ; Probl{\`e}me lin{\'e}aire de compl{\'e}mentarit{\'e}},
  TYPE = {Theses},
  PDF = {https://tel.archives-ouvertes.fr/tel-01293341/file/RABATEL_2015_archivage.pdf},
  HAL_ID = {tel-01293341},
  HAL_VERSION = {v1},
}
@article{rabatel2015dynamics,
  title={Dynamics of an assembly of rigid ice floes},
  author={Rabatel, Matthias and Labb{\'e}, St{\'e}phane and Weiss, J{\'e}r{\^o}me},
  journal={Journal of Geophysical Research: Oceans},
  volume={120},
  number={9},
  pages={5887--5909},
  year={2015},
  publisher={Wiley Online Library}
}
@phdthesis{balasoiu2020thesis,
  title={Mod{\'e}lisation et simulation du comportement m{\'e}canique de floes de glace},
  author={Balasoiu, Dimitri},
  year={2020},
  school={Universit{\'e} Grenoble Alpes},
  url={https://www-ljk.imag.fr/membres/Dimitri.Balasoiu/These.pdf}
}
@phdthesis{balasoiu2020halthesis,
  TITLE = {{Mod{\'e}lisation et simulation du comportement m{\'e}canique de floes de glace}},
  AUTHOR = {Balasoiu, Dimitri},
  URL = {https://tel.archives-ouvertes.fr/tel-03116132},
  NUMBER = {2020GRALM045},
  SCHOOL = {{Universit{\'e} Grenoble Alpes [2020-....]}},
  YEAR = {2020},
  MONTH = Oct,
  KEYWORDS = {Modelling ; Homogenization ; Fracture ; Gamma-Convergence ; Variational methods ; Sea ice ; Mod{\'e}lisation ; Homog{\'e}n{\'e}isation ; Fracture ; Gamma-Convergence ; M{\'e}thodes variationnelles ; Banquise},
  TYPE = {Theses},
  PDF = {https://tel.archives-ouvertes.fr/tel-03116132/file/BALASOIU_2020_archivage.pdf},
  HAL_ID = {tel-03116132},
  HAL_VERSION = {v1},
}
@book{gross2017fracture,
  title={Fracture mechanics: with an introduction to micromechanics},
  author={Gross, Dietmar and Seelig, Thomas},
  year={2017},
  publisher={Springer}
}
@article{tommasino2020effect,
  title={Effect of End-Effector Compliance on Collisions in Robotic Teleoperation},
  author={Tommasino, Domenico and Cipriani, Giulio and Doria, Alberto and Rosati, Giulio},
  journal={Applied Sciences},
  volume={10},
  number={24},
  pages={9077},
  year={2020},
  publisher={Multidisciplinary Digital Publishing Institute}
}
@article{homodeling,
  title={Modeling Mechanical Systems},
  author={Ho, Nhut},
  year={2010},
  url={https://pdfs.semanticscholar.org/df7b/aee3d1a72daadae4471986ffea6147a825c1.pdf}
}
@article{stroeve2012trends,
  title={Trends in Arctic sea ice extent from CMIP5, CMIP3 and observations},
  author={Stroeve, Julienne C and Kattsov, Vladimir and Barrett, Andrew and Serreze, Mark and Pavlova, Tatiana and Holland, Marika and Meier, Walter N},
  journal={Geophysical Research Letters},
  volume={39},
  number={16},
  year={2012},
  publisher={Wiley Online Library}
}